<?xml version="1.0" encoding="UTF-8"?><collection xmlns="http://www.loc.gov/MARC21/slim"><record><leader>00664nam--2200193-i-4500</leader><controlfield tag="001">000012681</controlfield><controlfield tag="002">20161230</controlfield><controlfield tag="005">20161230201029</controlfield><controlfield tag="008">060222s1000------------r-----000-0-eng-d</controlfield><datafield ind1=" " ind2=" " tag="040"><subfield code="a">IFIN-HH</subfield></datafield><datafield ind1=" " ind2=" " tag="080"><subfield code="a">539.1:539.18(061.3)</subfield></datafield><datafield ind1="1" ind2=" " tag="100"><subfield code="a">Marrus, Richard</subfield></datafield><datafield ind1="1" ind2="0" tag="245"><subfield code="a">Atomic physics 5</subfield><subfield code="b">Proceedings of the fifth international conference on atomic physics, july 26-30, 1976, berkeley, california</subfield><subfield code="c">Rhchard marrus (conference chairman) michael prior, howard shugart (eds.)</subfield></datafield><datafield ind1=" " ind2=" " tag="260"><subfield code="a">New York</subfield><subfield code="b">Plenum Press</subfield><subfield code="c">1977</subfield></datafield><datafield ind1=" " ind2=" " tag="300"><subfield code="a">XIII + 573 P</subfield></datafield><datafield ind1=" " ind2=" " tag="490"><subfield code="a">Atomic Physics</subfield></datafield><datafield ind1="1" ind2=" " tag="700"><subfield code="a">Shugart, Howard</subfield><subfield code="e">Ed</subfield></datafield><datafield ind1=" " ind2=" " tag="852"><subfield code="a">10056</subfield><subfield code="c">539</subfield></datafield><datafield ind1=" " ind2=" " tag="CAT"><subfield code="a">Sys</subfield><subfield code="c">20110921</subfield><subfield code="h">151445</subfield></datafield></record></collection>